% This file was created with JabRef 2.7.1.
% Encoding: UTF8

@BOOK{antoniou2006digital,
  title = {Digital signal processing},
  publisher = {McGraw-Hill Toronto, Canada:},
  year = {2006},
  author = {Antoniou, Andreas}
}

@ARTICLE{arikan2002synthesizing,
  author = {Arikan, Okan and Forsyth, David A},
  title = {Synthesizing constrained motions from examples},
  journal = {ACM Transactions on Graphics},
  year = {2002},
  volume = {21},
  pages = {483--490},
  number = {3},
  publisher = {ACM ASSOCIATION FOR COMPUTING MACHINERY}
}

@BOOK{batchelor2000introduction,
  title = {An introduction to fluid dynamics},
  publisher = {Cambridge university press},
  year = {2000},
  author = {Batchelor, George Keith}
}

@ARTICLE{Boykov2001,
  author = {Boykov, Yuri and Veksler, Olga and Zabih, Ramin},
  title = {Fast approximate energy minimization via graph cuts},
  journal = {IEEE Transactions on Pattern Analysis and Machine Intelligence},
  year = {2001},
  volume = {23},
  pages = {1222--1239},
  number = {11},
  file = {:/media/file/我的文档/科研/CG/Thesis/literature_repository/分割/graph cuts.pdf:PDF},
  publisher = {IEEE}
}

@INPROCEEDINGS{Brand2000,
  author = {Brand, Matthew and Hertzmann, Aaron},
  title = {Style machines},
  booktitle = {Proceedings of the 27th annual conference on Computer graphics and
	interactive techniques},
  year = {2000},
  pages = {183--192},
  organization = {ACM Press/Addison-Wesley Publishing Co.},
  file = {:/media/file/我的文档/科研/CG/Thesis/literature_repository/motion related/style machine.pdf:PDF}
}

@INPROCEEDINGS{brostow1999motion,
  author = {Brostow, Gabriel J and Essa, Irfan A},
  title = {Motion based decompositing of video},
  booktitle = {The Proceedings of the Seventh IEEE International Conference on Computer
	Vision, 1999.},
  year = {1999},
  volume = {1},
  pages = {8--13},
  organization = {IEEE}
}

@BOOK{buchsbaum1968color,
  title = {Color TV servicing},
  publisher = {Prentice-Hall},
  year = {1968},
  author = {Buchsbaum, Walter H}
}

@ARTICLE{Burt1983,
  author = {Burt, Peter J and Adelson, Edward H},
  title = {The Laplacian pyramid as a compact image code},
  journal = {IEEE Transactions on Communications},
  year = {1983},
  volume = {31},
  pages = {532--540},
  number = {4},
  file = {:/media/file/我的文档/科研/CG/Thesis/literature_repository/金字塔/The Laplacian Pyramid as a Compact Image Code.pdf:PDF},
  publisher = {IEEE}
}

@ARTICLE{burt1983laplacian,
  author = {Burt, Peter J and Adelson, Edward H},
  title = {The Laplacian pyramid as a compact image code},
  journal = {IEEE Transactions on Communications},
  year = {1983},
  volume = {31},
  pages = {532--540},
  number = {4},
  publisher = {IEEE}
}

@ARTICLE{comaniciu2002mean,
  author = {Comaniciu, Dorin and Meer, Peter},
  title = {Mean shift: A robust approach toward feature space analysis},
  journal = {IEEE Transactions on Pattern Analysis and Machine Intelligence},
  year = {2002},
  volume = {24},
  pages = {603--619},
  number = {5},
  publisher = {IEEE}
}

@INPROCEEDINGS{deering1998limits,
  author = {Deering, Michael F},
  title = {The limits of human vision},
  booktitle = {2nd International Immersive Projection Technology Workshop},
  year = {1998},
  volume = {2}
}

@ARTICLE{Didyk2013,
  author = {Didyk, Piotr and Sitthi-Amorn, Pitchaya and Freeman, William and
	Durand, Fr{\'e}do and Matusik, Wojciech},
  title = {Joint view expansion and filtering for automultiscopic 3D displays},
  journal = {ACM Transactions on Graphics (TOG)},
  year = {2013},
  volume = {32},
  pages = {221},
  number = {6},
  dcr_bibtex_id = {15537},
  dcr_pdf_hash = {9826BBFA22F5421313174EE8327EB34F0AE5799DE2A3E11DD56D4790319B42},
  file = {:/media/file/我的文档/科研/CG/Thesis/literature_repository/Joint View Expansion and Filtering for Automultiscopic 3D Displays.pdf:PDF},
  owner = {ehome},
  publisher = {ACM},
  timestamp = {2014.01.09}
}

@BOOK{duda1973pattern,
  title = {Pattern classification and scene analysis},
  publisher = {Wiley New York},
  year = {1973},
  author = {Duda, Richard O and Hart, Peter E and others},
  volume = {3}
}

@INPROCEEDINGS{Ercole05spatio-temporalpointwise,
  author = {Chiara Ercole and Alessandro Foi and Vladimir Katkovnik and Karen
	Egiazarian},
  title = {Spatio-temporal pointwise adaptive denoising of video: 3D non-parametric
	approach},
  booktitle = {PROC. FIRST INT’L WORKSHOP VIDEO PROCESSING AND QUALITY METRICS FOR
	CONSUMER ELECTRONICS},
  year = {2005},
  file = {:/media/file/我的文档/科研/CG/Thesis/literature_repository/denoising/VPQM2005-Spatio-temporal_adaptive_denoising.pdf:PDF}
}

@ARTICLE{fleet1990computation,
  author = {Fleet, David J and Jepson, Allan D},
  title = {Computation of component image velocity from local phase information},
  journal = {International Journal of Computer Vision},
  year = {1990},
  volume = {5},
  pages = {77--104},
  number = {1},
  file = {:/media/file/我的文档/科研/CG/Thesis/literature_repository/光流/Computation of Component Image Velocity.pdf:PDF},
  publisher = {Springer}
}

@BOOK{freeman1991motion,
  title = {Motion without movement},
  publisher = {ACM},
  year = {1991},
  author = {Freeman, William T and Adelson, Edward H and Heeger, David J},
  volume = {25},
  number = {4},
  file = {:/media/file/我的文档/科研/CG/Thesis/literature_repository/光流/Motion without Movement.pdf:PDF}
}

@ARTICLE{fukunaga1975estimation,
  author = {Fukunaga, Keinosuke and Hostetler, Larry},
  title = {The estimation of the gradient of a density function, with applications
	in pattern recognition},
  journal = {IEEE Transactions on Information Theory},
  year = {1975},
  volume = {21},
  pages = {32--40},
  number = {1},
  publisher = {IEEE}
}

@ARTICLE{gautama2002phase,
  author = {Gautama, Temujin and Van Hulle, Marc M},
  title = {A phase-based approach to the estimation of the optical flow field
	using spatial filtering},
  journal = {IEEE Transactions on Neural Networks},
  year = {2002},
  volume = {13},
  pages = {1127--1136},
  number = {5},
  file = {:/media/file/我的文档/科研/CG/Thesis/literature_repository/光流/A Phase-Based Approach.pdf:PDF},
  publisher = {IEEE}
}

@INPROCEEDINGS{Gleicher1998,
  author = {Gleicher, Michael},
  title = {Retargetting motion to new characters},
  booktitle = {Proceedings of the 25th annual conference on Computer graphics and
	interactive techniques},
  year = {1998},
  pages = {33--42},
  organization = {ACM},
  file = {:/media/file/我的文档/科研/CG/Thesis/literature_repository/motion related/Retargetting Motion to New Characters.pdf:PDF}
}

@BOOK{Gonzalez:2006:DIP:1076432,
  title = {Digital Image Processing (3rd Edition)},
  publisher = {Prentice-Hall, Inc.},
  year = {2006},
  author = {Gonzalez, Rafael C. and Woods, Richard E.},
  address = {Upper Saddle River, NJ, USA},
  isbn = {013168728X}
}

@INPROCEEDINGS{hall1980computer,
  author = {Hall, Ernest L and Hwang, JJ and Sadjadi, FA},
  title = {Computer image processing and recognition},
  booktitle = {1980 Los Angeles Technical Symposium},
  year = {1980},
  pages = {2--10},
  organization = {International Society for Optics and Photonics}
}

@INPROCEEDINGS{hamilton1847quaternions,
  author = {Hamilton, William Rowan},
  title = {On quaternions},
  booktitle = {Proceedings of the Royal Irish Academy},
  year = {1847},
  volume = {3},
  number = {1847},
  pages = {1--16},
  organization = {Addison-Wesley}
}

@INPROCEEDINGS{hamilton1844new,
  author = {Hamilton, William Rowan},
  title = {On a new species of imaginary quantities connected with a theory
	of quaternions},
  booktitle = {Proceedings of the Royal Irish Academy},
  year = {1844},
  volume = {2},
  pages = {424--434}
}

@BOOK{hamilton1866elements,
  title = {Elements of quaternions},
  publisher = {London: Longmans, Green, \& Company},
  year = {1866},
  author = {Hamilton, William Rowan and Hamilton, William Edwin}
}

@INPROCEEDINGS{lucas1981iterative,
  author = {Harris, Chris and Stephens, Mike},
  title = {A combined corner and edge detector.},
  booktitle = {IJCAI},
  year = {1988},
  volume = {81},
  pages = {674--679},
  file = {:/media/file/我的文档/科研/CG/Thesis/literature_repository/光流/lucas_kanade.pdf:PDF}
}

@ARTICLE{he2010computer,
  author = {He, Lei and Long, L Rodney and Antani, Sameer and Thoma, G},
  title = {Computer assisted diagnosis in histopathology},
  journal = {Sequence and Genome Analysis: Methods and Applications},
  year = {2010},
  pages = {271--287},
  file = {:/media/file/我的文档/科研/CG/Thesis/literature_repository/Computer assisted diagnosis in histopathology.pdf:PDF},
  owner = {ehome},
  publisher = {iConcept Press},
  timestamp = {2013.11.04}
}

@INPROCEEDINGS{horn1981determining,
  author = {Horn, Berthold K and Schunck, Brian G},
  title = {Determining optical flow},
  booktitle = {1981 Technical Symposium East},
  year = {1981},
  pages = {319--331},
  organization = {International Society for Optics and Photonics},
  file = {:/media/file/我的文档/科研/CG/Thesis/literature_repository/光流/Determining Optical Flow.pdf:PDF}
}

@INPROCEEDINGS{Jojic2001,
  author = {Jojic, Nebojsa and Frey, Brendan J},
  title = {Learning flexible sprites in video layers},
  booktitle = {CVPR 2001. Proceedings of the 2001 IEEE Computer Society Conference
	on Computer Vision and Pattern Recognition, 2001.},
  year = {2001},
  volume = {1},
  pages = {I--199},
  organization = {IEEE},
  file = {:/media/file/我的文档/科研/CG/Thesis/literature_repository/motion related/learning_flexible_sprite_cvpr01.pdf:PDF}
}

@ARTICLE{kim2005segmenting,
  author = {Kim, Changick},
  title = {Segmenting a low-depth-of-field image using morphological filters
	and region merging},
  journal = {IEEE Transactions on Image Processing},
  year = {2005},
  volume = {14},
  pages = {1503--1511},
  number = {10},
  publisher = {IEEE}
}

@BOOK{lamb1993hydrodynamics,
  title = {Hydrodynamics},
  publisher = {Cambridge university press},
  year = {1993},
  author = {Lamb, Horace}
}

@INPROCEEDINGS{Lee2002,
  author = {Lee, Jehee and Chai, Jinxiang and Reitsma, Paul SA and Hodgins, Jessica
	K and Pollard, Nancy S},
  title = {Interactive control of avatars animated with human motion data},
  booktitle = {ACM Transactions on Graphics (TOG)},
  year = {2002},
  volume = {21},
  number = {3},
  pages = {491--500},
  organization = {ACM},
  file = {:/media/file/我的文档/科研/CG/Thesis/literature_repository/motion related/Interactive Control of Avatars Animated with Human Motion Data.pdf:PDF}
}

@INPROCEEDINGS{Li2002,
  author = {Li, Yan and Wang, Tianshu and Shum, Heung-Yeung},
  title = {Motion texture: a two-level statistical model for character motion
	synthesis},
  booktitle = {ACM Transactions on Graphics (TOG)},
  year = {2002},
  volume = {21},
  number = {3},
  pages = {465--472},
  organization = {ACM},
  file = {:/media/file/我的文档/科研/CG/Thesis/literature_repository/motion related/motion-texture.pdf:PDF}
}

@INPROCEEDINGS{liu2005motion,
  author = {Liu, Ce and Torralba, Antonio and Freeman, William T and Durand,
	Fr{\'e}do and Adelson, Edward H},
  title = {Motion magnification},
  booktitle = {ACM Transactions on Graphics (TOG)},
  year = {2005},
  volume = {24},
  number = {3},
  pages = {519--526},
  organization = {ACM},
  file = {:/home/ehome/Thesis/literature_repository/拉格朗日法/Motion Magnification.pdf:PDF},
  owner = {ehome},
  timestamp = {2013.11.04}
}

@ARTICLE{luz2013evaluating,
  author = {Luz, Eduardo Jos{\'e} da S and Menotti, David and Schwartz, William
	Robson},
  title = {Evaluating the Use of ECG Signal in Low Frequencies as a Biometry},
  journal = {Expert Systems with Applications},
  year = {2013},
  file = {:/media/file/我的文档/科研/CG/Thesis/literature_repository/luz2013evaluating.pdf:PDF},
  owner = {ehome},
  publisher = {Elsevier},
  timestamp = {2013.11.04}
}

@ARTICLE{mallat1989theory,
  author = {Mallat, Stephane G},
  title = {A theory for multiresolution signal decomposition: the wavelet representation},
  journal = {IEEE Transactions on Pattern Analysis and Machine Intelligence},
  year = {1989},
  volume = {11},
  pages = {674--693},
  number = {7},
  publisher = {Ieee}
}

@ARTICLE{mcguire1992reporting,
  author = {McGuire, Raymond G},
  title = {Reporting of objective color measurements},
  journal = {HortScience},
  year = {1992},
  volume = {27},
  pages = {1254--1255},
  number = {12},
  publisher = {American Society for Horticultural Science}
}

@PHDTHESIS{noble1989descriptions,
  author = {Noble, Julia Alison},
  title = {Descriptions of image surfaces.},
  school = {University of Oxford},
  year = {1989},
  address = {Oxford, UK}
}

@ARTICLE{ogden1985pyramid,
  author = {Ogden, Joan M and Adelson, Edward H and Bergen, James R and Burt,
	Peter J},
  title = {Pyramid-based computer graphics},
  journal = {RCA Engineer},
  year = {1985},
  volume = {30},
  pages = {4--15},
  number = {5},
  publisher = {Citeseer}
}

@ARTICLE{pei1997novel,
  author = {Pei, Soo-Chang and Cheng, Ching-Min},
  title = {A novel block truncation coding of color images using a quaternion-moment-preserving
	principle},
  journal = {IEEE Transactions on Communications},
  year = {1997},
  volume = {45},
  pages = {583--595},
  number = {5},
  publisher = {IEEE}
}

@INPROCEEDINGS{poh2011medical,
  author = {Poh, Ming-Zher and McDuff, Daniel and Picard, Rosalind},
  title = {A medical mirror for non-contact health monitoring},
  booktitle = {ACM SIGGRAPH 2011 Emerging Technologies},
  year = {2011},
  pages = {2},
  organization = {ACM}
}

@ARTICLE{poh2010non,
  author = {Poh, Ming-Zher and McDuff, Daniel J and Picard, Rosalind W},
  title = {Non-contact, automated cardiac pulse measurements using video imaging
	and blind source separation},
  journal = {Optics Express},
  year = {2010},
  volume = {18},
  pages = {10762--10774},
  number = {10},
  file = {:/media/file/我的文档/科研/CG/Thesis/literature_repository/心率检测/Non-contact, automated cardiac pulse measurements.pdf:PDF},
  publisher = {Optical Society of America}
}

@ARTICLE{portilla2000parametric,
  author = {Portilla, Javier and Simoncelli, Eero P},
  title = {A parametric texture model based on joint statistics of complex wavelet
	coefficients},
  journal = {International Journal of Computer Vision},
  year = {2000},
  volume = {40},
  pages = {49--70},
  number = {1},
  file = {:/media/file/我的文档/科研/CG/Thesis/literature_repository/金字塔/A parametric texture model.pdf:PDF},
  publisher = {Springer}
}

@INPROCEEDINGS{Pullen2002,
  author = {Pullen, Katherine and Bregler, Christoph},
  title = {Motion capture assisted animation: Texturing and synthesis},
  booktitle = {ACM Transactions on Graphics (TOG)},
  year = {2002},
  volume = {21},
  number = {3},
  pages = {501--508},
  organization = {ACM},
  file = {:/media/file/我的文档/科研/CG/Thesis/literature_repository/motion related/Motion Capture Assisted Animation.pdf:PDF}
}

@INPROCEEDINGS{Rother2004,
  author = {Rother, Carsten and Kolmogorov, Vladimir and Blake, Andrew},
  title = {Grabcut: Interactive foreground extraction using iterated graph cuts},
  booktitle = {ACM Transactions on Graphics (TOG)},
  year = {2004},
  volume = {23},
  number = {3},
  pages = {309--314},
  organization = {ACM},
  file = {:/media/file/我的文档/科研/CG/Thesis/literature_repository/分割/grabcut.pdf:PDF}
}

@ARTICLE{Salhi2012,
  author = {Salhi, Afef and Jammoussi, Ameni Yengui},
  title = {Object tracking system using Camshift, Meanshift and Kalman filter},
  journal = {World Academy of Science, Engineering and Technology},
  year = {2012},
  volume = {64},
  pages = {674--679},
  file = {:/media/file/我的文档/科研/CG/Thesis/literature_repository/kalman filter/Object-tracking-system-using-Camshift-Meanshift-and-Kalman-filter.pdf:PDF}
}

@ARTICLE{Sand2004,
  author = {Sand, Peter and Teller, Seth},
  title = {Video matching},
  journal = {ACM Transactions on Graphics (TOG)},
  year = {2004},
  volume = {23},
  pages = {592--599},
  number = {3},
  file = {:/media/file/我的文档/科研/CG/Thesis/literature_repository/motion related/video matching.pdf:PDF},
  publisher = {ACM}
}

@ARTICLE{sangwine2000discrete,
  author = {Sangwine, SJ},
  title = {The discrete Fourier transform of a colour image},
  journal = {Image Processing II Mathematical Methods, Algorithms and Applications},
  year = {2000},
  pages = {430--441},
  publisher = {Chichester, UK}
}

@INPROCEEDINGS{Schodl2000,
  author = {Sch{\"o}dl, Arno and Szeliski, Richard and Salesin, David H and Essa,
	Irfan},
  title = {Video textures},
  booktitle = {Proceedings of the 27th annual conference on Computer graphics and
	interactive techniques},
  year = {2000},
  pages = {489--498},
  organization = {ACM Press/Addison-Wesley Publishing Co.},
  file = {:/media/file/我的文档/科研/CG/Thesis/literature_repository/motion related/p489-schodl.pdf:PDF}
}

@INPROCEEDINGS{shi1998motion,
  author = {Shi, Jianbo and Malik, Jitendra},
  title = {Motion segmentation and tracking using normalized cuts},
  booktitle = {Sixth International Conference on Computer Vision, 1998.},
  year = {1998},
  pages = {1154--1160},
  organization = {IEEE}
}

@INPROCEEDINGS{simoncelli1995steerable,
  author = {Simoncelli, Eero P and Freeman, William T},
  title = {The steerable pyramid: A flexible architecture for multi-scale derivative
	computation},
  booktitle = {International Conference on Image Processing},
  year = {1995},
  volume = {3},
  pages = {3444--3444},
  organization = {IEEE Computer Society},
  file = {:/media/file/我的文档/科研/CG/Thesis/literature_repository/金字塔/The Steerable Pyramid.pdf:PDF}
}

@ARTICLE{simoncelli1992shiftable,
  author = {Simoncelli, Eero P and Freeman, William T and Adelson, Edward H and
	Heeger, David J},
  title = {Shiftable multiscale transforms},
  journal = {IEEE Transactions on Information Theory},
  year = {1992},
  volume = {38},
  pages = {587--607},
  number = {2},
  file = {:/media/file/我的文档/科研/CG/Thesis/literature_repository/金字塔/Shiftable multi-scale transforms.pdf:PDF},
  publisher = {IEEE}
}

@INPROCEEDINGS{storn1996differential,
  author = {Storn, Rainer},
  title = {Differential evolution design of an IIR-filter},
  booktitle = {Evolutionary Computation, 1996., Proceedings of IEEE International
	Conference on},
  year = {1996},
  pages = {268--273},
  organization = {IEEE}
}

@INPROCEEDINGS{Unuma1995,
  author = {Unuma, Munetoshi and Anjyo, Ken and Takeuchi, Ryozo},
  title = {Fourier principles for emotion-based human figure animation},
  booktitle = {Proceedings of the 22nd annual conference on Computer graphics and
	interactive techniques},
  year = {1995},
  pages = {91--96},
  organization = {ACM},
  file = {:/media/file/我的文档/科研/CG/Thesis/literature_repository/motion related/p91-unuma.pdf:PDF}
}

@ARTICLE{verkruysse2008remote,
  author = {Verkruysse, Wim and Svaasand, Lars O and Nelson, J Stuart},
  title = {Remote plethysmographic imaging using ambient light},
  journal = {Optics express},
  year = {2008},
  volume = {16},
  pages = {21434--21445},
  number = {26},
  file = {:/media/file/我的文档/科研/CG/Thesis/literature_repository/Remote plethysmographic imaging using ambient light.pdf:PDF},
  owner = {ehome},
  publisher = {Optical Society of America},
  timestamp = {2013.11.04}
}

@ARTICLE{Wadhwa2013PhaseBased,
  author = {Wadhwa, Neal and Rubinstein, Michael and Durand, Fr{\'e}do and Freeman,
	William T},
  title = {Phase-based video motion processing},
  journal = {ACM Transactions on Graphics (TOG)},
  year = {2013},
  volume = {32},
  pages = {80},
  number = {4},
  file = {:/media/file/我的文档/科研/CG/Thesis/literature_repository/Phase-Based Video.pdf:PDF},
  publisher = {ACM}
}

@ARTICLE{wang2006cartoon,
  author = {Wang, Jue and Drucker, Steven M and Agrawala, Maneesh and Cohen,
	Michael F},
  title = {The cartoon animation filter},
  journal = {ACM Transactions on Graphics (TOG)},
  year = {2006},
  volume = {25},
  pages = {1169--1173},
  number = {3},
  file = {:/media/file/我的文档/科研/CG/Thesis/literature_repository/拉格朗日法/thecartoonanimationfilter.pdf:PDF},
  publisher = {ACM}
}

@ARTICLE{wang1994representing,
  author = {Wang, John YA and Adelson, Edward H},
  title = {Representing moving images with layers},
  journal = {IEEE Transactions on Image Processing},
  year = {1994},
  volume = {3},
  pages = {625--638},
  number = {5},
  publisher = {IEEE}
}

@ARTICLE{Wiley1997,
  author = {Wiley, Douglas J and Hahn, James K},
  title = {Interpolation synthesis of articulated figure motion},
  journal = {Computer Graphics and Applications, IEEE},
  year = {1997},
  volume = {17},
  pages = {39--45},
  number = {6},
  file = {:/media/file/我的文档/科研/CG/Thesis/literature_repository/motion related/wiley-motion.pdf:PDF},
  publisher = {IEEE}
}

@PHDTHESIS{wu2012phd,
  author = {Wu, Hao-Yu and others},
  title = {Eulerian Video Processing and medical applications},
  school = {Massachusetts Institute of Technology},
  year = {2012},
  address = {Massachusetts, USA},
  file = {:/home/ehome/Thesis/literature_repository/Eulerian Video Processing(PHD).pdf:PDF},
  timestamp = {2013.11.04}
}

@ARTICLE{wu2012eulerian,
  author = {Wu, Hao-Yu and Rubinstein, Michael and Shih, Eugene and Guttag, John
	and Durand, Fr{\'e}do and Freeman, William},
  title = {Eulerian video magnification for revealing subtle changes in the
	world},
  journal = {ACM Transactions on Graphics (TOG)},
  year = {2012},
  volume = {31},
  pages = {65},
  number = {4},
  file = {:/media/file/我的文档/科研/CG/Thesis/literature_repository/Eulerian Video Magnification.pdf:PDF},
  publisher = {ACM}
}

@INPROCEEDINGS{zelnik2003degeneracies,
  author = {Zelnik-Manor, Lihi and Irani, Michal},
  title = {Degeneracies, dependencies and their implications in multi-body and
	multi-sequence factorizations},
  booktitle = {Proceedings. 2003 IEEE Computer Society Conference on Computer Vision
	and Pattern Recognition, 2003.},
  year = {2003},
  volume = {2},
  pages = {II--287},
  organization = {IEEE}
}

@INPROCEEDINGS{Zhang2009,
  author = {Zhang, Hao and Hong, Jingxin and Lin, Wu and Li, Lin},
  title = {Design of tracking system based on mean-shift and Kalman filter},
  booktitle = {Sixth International Symposium on Multispectral Image Processing and
	Pattern Recognition},
  year = {2009},
  pages = {74953D--74953D},
  organization = {International Society for Optics and Photonics},
  file = {:/media/file/我的文档/科研/CG/Thesis/literature_repository/kalman filter/Design of Tracking System Based on Mean-shift and Kalman Filter.pdf:PDF}
}

@ARTICLE{常发亮2007,
  author = {常发亮 and 刘雪 and 王华杰},
  title = {基于均值漂移与卡尔曼滤波的目标跟踪算法},
  journal = {计算机工程与应用},
  year = {2007},
  volume = {43},
  pages = {50--52},
  number = {12},
  file = {:/media/file/我的文档/科研/CG/Thesis/literature_repository/object tracking/基于均值漂移与卡尔曼滤波的目标跟踪算法.pdf:PDF}
}

@PHDTHESIS{李兴民1998八元数分析,
  author = {李兴民},
  title = {八元数分析},
  school = {北京: 北京大学},
  year = {1998}
}

@ARTICLE{潘伟洲2012一种基于小波和快速傅里叶变换的学习型歌唱系统,
  author = {潘伟洲 and 单志龙 and 邱景钦 and 袁世超 and 黄煜廉},
  title = {一种基于小波和快速傅里叶变换的学习型歌唱系统},
  journal = {计算机工程与应用},
  year = {2012},
  volume = {48},
  pages = {143--145},
  number = {3},
  publisher = {万方数据资源系统}
}

@ARTICLE{潘伟洲基于人工神经网络的百度地图坐标解密方法,
  author = {潘伟洲 and 陈振洲 and 李兴民},
  title = {基于人工神经网络的百度地图坐标解密方法 2013 年 4 月 1 日},
  journal = {计算机工程与应用},
  publisher = {万方数据资源系统}
}

@ARTICLE{赵仕豪2013红外光虚拟手术刀的研究与实现,
  author = {赵仕豪 and 潘伟洲 and 徐泽坤 and 陈伟凯},
  title = {红外光虚拟手术刀的研究与实现 ①},
  journal = {计算机系统应用},
  year = {2013},
  number = {8}
}

